@misc {
    retsinas2022trainable,
    title={Trainable Learning Rate},
    author={George Retsinas and Giorgos Sfikas and Panagiotis Filntisis and Petros Maragos},
    year={2022},
    url={https://openreview.net/forum?id=fHeK814NOMO},
    note={Retracted},
}

@inproceedings {
    retstinas2023trainable,
    author={Retsinas, George and Sfikas, Giorgos and Filntisis, Panagiotis Paraskevas and Maragos, Petros},
    booktitle={ICASSP 2023 - 2023 IEEE International Conference on Acoustics, Speech and Signal Processing (ICASSP)},
    title={Newton-Based Trainable Learning Rate},
    year={2023},
    volume={},
    number={},
    pages={1-5},
    keywords={Training;Deep learning;Neural networks;Signal processing algorithms;Signal processing;Scheduling;Speech processing;gradient descent;adaptive learning rate},
    doi={10.1109/ICASSP49357.2023.10094576}
}
